@ARTICLE{zadeh1965,
title = {Fuzzy sets},
journal = {Information and Control},
volume = {8},
number = {3},
pages = {338-353},
year = {1965},
issn = {0019-9958},
doi = {https://doi.org/10.1016/S0019-9958(65)90241-X},
url = {https://www.sciencedirect.com/science/article/pii/S001999586590241X},
author = {L.A. Zadeh},
abstract = {A fuzzy set is a class of objects with a continuum of grades of membership. Such a set is characterized by a membership (characteristic) function which assigns to each object a grade of membership ranging between zero and one. The notions of inclusion, union, intersection, complement, relation, convexity, etc., are extended to such sets, and various properties of these notions in the context of fuzzy sets are established. In particular, a separation theorem for convex fuzzy sets is proved without requiring that the fuzzy sets be disjoint.}
}

@article{mamdani1975,
title = {An experiment in linguistic synthesis with a fuzzy logic controller},
journal = {International Journal of Man-Machine Studies},
volume = {7},
number = {1},
pages = {1-13},
year = {1975},
issn = {0020-7373},
doi = {https://doi.org/10.1016/S0020-7373(75)80002-2},
url = {https://www.sciencedirect.com/science/article/pii/S0020737375800022},
author = {E.H. Mamdani and S. Assilian},
abstract = {This paper describes an experiment on the “linguistic” synthesis of a controller for a model industrial plant (a steam engine), Fuzzy logic is used to convert heuristic control rues stated by a human operator into an automatic control strategy. The experiment was initiated to investigate the possibility of human interaction with a learning controller. However, the control strategy set up linguistically proved to be far better than expected in its own right, and the basic experiment of linguistic control synthesis in a non-learning controller is reported here.}
}

@ARTICLE{Lee1990,
  author={Lee, C.C.},
  journal={IEEE Transactions on Systems, Man, and Cybernetics}, 
  title={Fuzzy logic in control systems: fuzzy logic controller. I}, 
  year={1990},
  volume={20},
  number={2},
  pages={404-418},
  keywords={Fuzzy logic;Control systems;Fuzzy control;Automatic control;Fuzzy reasoning;Fuzzy set theory;Fuzzy systems;Humans;Natural languages;Databases},
  doi={10.1109/21.52551}}
  
@article{kutsenko2015methods,
  author = {Куценко, Д. А. и Синюк, В. Г.},
  title = {Методы вывода для систем со многими нечеткими входами},
  journal = {Известия Российской академии наук. Теория и системы управления},
  year = {2015},
  number = {3},
  pages = {48},
  doi = {10.7868/S0002338815030129},
  note = {EDN: TQQEOP}
}

@article{LEEKWIJCK1999159,
title = {Defuzzification: criteria and classification},
journal = {Fuzzy Sets and Systems},
volume = {108},
number = {2},
pages = {159-178},
year = {1999},
issn = {0165-0114},
doi = {https://doi.org/10.1016/S0165-0114(97)00337-0},
url = {https://www.sciencedirect.com/science/article/pii/S0165011497003370},
author = {Werner Van Leekwijck and Etienne E. Kerre},
keywords = {Defuzzification, Fuzzy sets, Operators, Membership functions},
abstract = {In this paper, we contribute to the theory and development of defuzzification techniques. First we define the core of a fuzzy set. Then we formulate a set of criteria for defuzzification in arbitrary universes, ordered universes, and the set of the real numbers. Finally, we classify the most widely used defuzzification techniques into different groups and we examine the prototypes of each group with respect to the defuzzification criteria. We show that the maxima methods behave well with respect to the more basic defuzzification criteria, and hence are good candidates for fuzzy reasoning systems. On the other hand, the distribution methods and the area methods do not fulfill the basic criteria, but they exhibit the property of continuity that makes them suitable for fuzzy controllers.}
}

@book{rutkovskiy2010,
  author = {Рутковский, Л.},
  title = {Методы и технологии искусственного интеллекта},
  translator = {Рудинский, И. Д.},
  note = {пер. с пол. И. Д. Рудинского},
  publisher = {Горячая линия-Телеком},
  location = {Москва},
  year = {2010},
  isbn = {978-5-9912-0105-6},
  note = {EDN QMUKZL}
}

@INPROCEEDINGS{eisele1994,
  author={Eisele, M. and Hentschel, K. and Kunemund, T.},
  booktitle={Proceedings of the Fourth International Conference on Microelectronics for Neural Networks and Fuzzy Systems}, 
  title={Hardware realization of fast defuzzification by adaptive integration}, 
  year={1994},
  volume={},
  number={},
  pages={318-323},
  keywords={Hardware;Fuzzy control;Inference algorithms;Power dissipation;Fuzzy systems;Coprocessors;Runtime;Silicon;Adders;Design automation},
  doi={10.1109/ICMNN.1994.593726}}

@misc{prokopenko2024revisingapetreisboundingvolume,
      title={Revising Apetrei's bounding volume hierarchy construction algorithm to allow stackless traversal}, 
      author={Andrey Prokopenko and Damien Lebrun-Grandié},
      year={2024},
      eprint={2402.00665},
      archivePrefix={arXiv},
      primaryClass={cs.DS},
      url={https://arxiv.org/abs/2402.00665}, 
}
  
  




@inproceedings{confbib1,
  author = {Фамилия, И. О.},
  title = {название тезисов конференции},
  booktitle = {Название сборника},
  year = {2015},
  language = {russian},
  authorconf = {true},
}

@CONFERENCE{confbib2,
  author = {Фамилия, И. О.},
  title = {название тезисов конференции},
  booktitle = {Название сборника},
  year = {2015},
  language = {russian},
  authorconf = {true},
}

@ARTICLE{bib1,
  author = {Фамилия, И. О.},
  title = {Название статьи},
  journal = {Журнал},
  year = {2012},
  volume = {1},
  pages = {100},
  language = {russian},
  authorother = {true},
  authorconf = {true},
}

@CONFERENCE{bib2,
  author = {Фамилия, И. О.},
  title = {название тезисов конференции},
  booktitle = {Название сборника},
  year = {2012},
  language = {russian},
  authorconf = {true},
}

@ARTICLE{scbib1,
  author = {Фамилия, И. О. and Фамилия2, И. О. and Фамилия3, И. О.},
  title = {Название статьи},
  journal = {Журнал},
  year = {2018},
  volume = {2},
  number = {1},
  pages = {99--102},
  language = {russian},
  authorscopus = {true},
  authorwos = {true},
  addendum = {(Scopus, WoS)},
}

@ARTICLE{vakbib1,
  author = {Фамилия, И. О. and Фамилия2, И. О. and Фамилия3, И. О.},
  addendum = {(0,28~п.~л.; ВАК, WoS)},
  title = {Название статьи},
  journal = {Журнал},
  year = {2013},
  volume = {1},
  number = {5},
  pages = {100--120},
  language = {russian},
  authorvak = {true},
  authorwos = {true},
}

@ARTICLE{vakbib2,
  author = {Фамилия, И. О. and Фамилия2, И. О. and Фамилия3, И. О. and Фамилия4, И. О.},
  addendum = {(0,33~п.~л.~/ 0,28~п.~л.; ВАК)},
  title = {Название статьи},
  journal = {Журнал},
  year = {2014},
  volume = {1},
  number = {5},
  pages = {100--120},
  language = {russian},
  authorvak = {true},
}

@ARTICLE{vakbib3,
  author = {Фамилия, И. О. and Фамилия2, И. О. and Фамилия3, И. О.},
  addendum = {(0,28~п.~л.; ВАК, Scopus)},
  title = {Название статьи},
  journal = {Журнал},
  year = {2015},
  volume = {4},
  number = {2},
  pages = {50--55},
  language = {russian},
  authorvak = {true},
  authorscopus = {true},
}

@ARTICLE{vakbib4,
  author = {Фамилия, И. О. and Фамилия2, И. О. and Фамилия3, И. О. and Фамилия4, И. О.},
  addendum = {(0,33~п.~л.~/ 0,28~п.~л.; ВАК)},
  title = {Название статьи},
  journal = {Журнал},
  year = {2016},
  volume = {3},
  number = {1},
  pages = {55--60},
  language = {russian},
  authorvak = {true},
}

@ARTICLE{vakbib5,
  author = {Фамилия, И. О. and Фамилия2, И. О. and Фамилия3, И. О.},
  addendum = {(0,28~п.~л.; ВАК)},
  title = {Название статьи},
  journal = {Журнал},
  year = {2017},
  volume = {4},
  number = {2},
  pages = {50--55},
  language = {russian},
  authorvak = {true},
}

@ARTICLE{vakbib6,
  author = {Фамилия, И. О. and Фамилия2, И. О. and Фамилия3, И. О. and Фамилия4, И. О.},
  addendum = {(0,33~п.~л.~/ 0,28~п.~л.; ВАК)},
  title = {Название статьи},
  journal = {Журнал},
  year = {2018},
  volume = {3},
  number = {1},
  pages = {55--60},
  language = {russian},
  authorvak = {true},
}

@ARTICLE{vakbib7,
  author = {Фамилия, И. О. and Фамилия2, И. О. and Фамилия3, И. О.},
  addendum = {(0,28~п.~л.; ВАК)},
  title = {Название статьи},
  journal = {Журнал},
  year = {2019},
  volume = {4},
  number = {2},
  pages = {50--55},
  language = {russian},
  authorvak = {true},
}

@ARTICLE{vakbib8,
  author = {Фамилия, И. О. and Фамилия2, И. О. and Фамилия3, И. О. and Фамилия4, И. О.},
  addendum = {(0,33~п.~л.~/ 0,28~п.~л.; ВАК)},
  title = {Название статьи},
  journal = {Журнал},
  year = {2020},
  volume = {3},
  number = {1},
  pages = {55--60},
  language = {russian},
  authorvak = {true},
}

@ARTICLE{vakbib9,
  author = {Фамилия, И. О. and Фамилия2, И. О. and Фамилия3, И. О.},
  addendum = {(0,28~п.~л.; ВАК)},
  title = {Название статьи},
  journal = {Журнал},
  year = {2021},
  volume = {4},
  number = {2},
  pages = {50--55},
  language = {russian},
  authorvak = {true},
}

@ARTICLE{vakbib10,
  author = {Фамилия, И. О. and Фамилия2, И. О. and Фамилия3, И. О. and Фамилия4, И. О.},
  addendum = {(0,33~п.~л.~/ 0,28~п.~л.; ВАК)},
  title = {Название статьи},
  journal = {Журнал},
  year = {2022},
  volume = {3},
  number = {1},
  pages = {55--60},
  language = {russian},
  authorvak = {true},
}

@ARTICLE{vakbib11,
  author = {Фамилия, И. О. and Фамилия2, И. О. and Фамилия3, И. О.},
  addendum = {(0,28~п.~л.; ВАК, Scopus, WoS)},
  title = {Название статьи},
  journal = {Журнал},
  year = {2023},
  volume = {6},
  number = {2},
  pages = {50--55},
  language = {russian},
  authorvak = {true},
  authorwos = {true},
  authorscopus = {true},
}

@ARTICLE{vakbib12,
  author = {Фамилия, И. О. and Фамилия2, И. О. and Фамилия3, И. О. and Фамилия4, И. О.},
  addendum = {(0,33~п.~л.~/ 0,28~п.~л.; ВАК)},
  title = {Название статьи},
  journal = {Журнал},
  year = {2024},
  volume = {4},
  number = {1},
  pages = {55--60},
  language = {russian},
  authorvak = {true},
}

@ARTICLE{wosbib1,
  author = {Фамилия, И. О. and Фамилия2, И. О. and Фамилия3, И. О.},
  addendum = {(0,21~п.~л., WoS)},
  title = {Название статьи},
  journal = {Журнал},
  year = {2011},
  volume = {1},
  number = {8},
  pages = {105--120},
  language = {russian},
  authorwos = {true},
}
