@Patent{Rospatent1,
  heading       = {Свидетельство о гос. регистрации программы для {ЭВМ}},
  author        = {Синюк, В. Г. and Каратач, С. А.},
  title         = {Среда для параллельного обобщенного нечеткого вывода на основе нечеткого значения истинности},
  media         = {text},
  holder        = {федеральное государственное бюджетное образовательное учреждение высшего образования «Белгородский государственный технологический университет им.~В.Г.~Шухова»},
  reqnumber     = {2025661081},
  publdate      = {2025-05-28},
  date          = {2025-05-05},
  prnumber      = {2025663372},
  prcountry     = {countryru},
  language      = {russian},
  authorprogram = {yes},
}

@Patent{Rospatent2,
  heading       = {Свидетельство о гос. регистрации программы для {ЭВМ}},
  author        = {Синюк, В. Г. and Каратач, С. А.},
  title         = {Библиотека моделирования временных рядов на основе параллельного нечеткого вывода с использованием нечеткого значения истинности},
  media         = {text},
  holder        = {федеральное государственное бюджетное образовательное учреждение высшего образования «Белгородский государственный технологический университет им.~В.Г.~Шухова»},
  reqnumber     = {2025660990},
  publdate      = {2025-05-28},
  date          = {2025-05-05},
  prnumber      = {2025663464},
  prcountry     = {countryru},
  language      = {russian},
  authorprogram = {yes},
}

% @Patent{progbib1,
%   heading =      {Свидетельство о гос. регистрации программы для {ЭВМ}},
%   author =       {Петров, П. П.},
%   title =        {foobar},
%   media =        {text},
%   holder =       {НИИ~ГДААДАВБА},
%   reqnumber =    1234567890,
%   publdate =     {2020-01-02},
%   date =         {2020-01-01},
%   prnumber =     1234567890,
%   prcountry =    {countryru},
%   language =     {russian},
%   authorprogram ={yes},
% }

% @Patent{patbib1,
%   heading =      {Заявка 1234567 Рос. федерация, МПК\ensuremath{^7} B 64 G 1/00},
%   author =       {Иванов, И. И.},
%   authortype =   {Российская Федерация},
%   title =        {Многоразовая ракета-носитель},
%   media =        {text},
%   holder =       {заявитель Технологические технологии},
%   credits =      {патент. поверенный Егорова Г. Б.},
%   reqnumber =    {2000108705/28},
%   date =         {2020-01-03},
%   publdate =     {2020-01-02},
%   publication =  {Бюл. № 7 (I ч.)\midsentence},
%   prdate =       {2020-01-01},
%   prnumber =     {09/289, 037},
%   prcountry =    {countryru},
%   pagetotal =    {5 с.~: ил.},
%   language =     {russian},
%   authorpatent = {yes},
% }

% @Patent{progbib1,
%   heading =      {Свидетельство о гос. регистрации программы для {ЭВМ}},
%   author =       {Петров, П. П.},
%   title =        {foobar},
%   media =        {text},
%   holder =       {НИИ~ГДААДАВБА},
%   reqnumber =    1234567890,
%   publdate =     {2020-01-02},
%   date =         {2020-01-01},
%   prnumber =     1234567890,
%   prcountry =    {countryru},
%   language =     {russian},
%   authorprogram ={yes},
% }
